@misc{sharma2023mahakalapythonbasedmodularraytracing,
      title={Mahakala: a Python-based Modular Ray-tracing and Radiative Transfer Algorithm for Curved Space-times}, 
      author={Aniket Sharma and Lia Medeiros and Chi-kwan Chan and Goni Halevi and Patrick D. Mullen and James M. Stone and George N. Wong},
      year={2023},
      eprint={2304.03804},
      archivePrefix={arXiv},
      primaryClass={astro-ph.HE},
      url={https://arxiv.org/abs/2304.03804}, 
}

@article{James_2015,
doi = {10.1088/0264-9381/32/6/065001},
url = {https://dx.doi.org/10.1088/0264-9381/32/6/065001},
year = {2015},
month = {feb},
publisher = {IOP Publishing},
volume = {32},
number = {6},
pages = {065001},
author = {James, Oliver and Tunzelmann, Eug√©nie von and Franklin, Paul and Thorne, Kip S},
title = {Gravitational lensing by spinning black holes in astrophysics, and in the movie Interstellar},
journal = {Classical and Quantum Gravity},
}

